@article{Nonlinear_Gispert_2015,
	title={Nonlinear cerebral atrophy patterns across the Alzheimer's disease continuum: impact of APOE4 genotype},
    author={Juan Domingo Gispert and Lorena Rami and G S{\'a}nchez-Benavides and C Falcon and Alan Tucholka and S Rojas and Jose L Molinuevo},
    journal={Neurobiology of Aging},
    year={2015},
    month={October},
    volume={36},
    number={10},
    pages={2687--2701}
}

@article{ADCSF_Molinuevo_2013,
	title={The AD-CSF-index discriminates Alzheimerâ€™s disease patients from healthy controls: a validation study},
    author={Jose L Molinuevo and Juan Domingo Gispert and Bruno Dubois and Michael Heneka and Alberto Lleo and Sebastiaan Engelborghs and Jes{\'u}s Pujol and Leonardo Cruz de Souza and Daniel Alcolea and Frank Jessen and Marie Sarazin and Foudil Lamari and Mircea Balasa and Anna Antonell and Lorena Rami},
    journal={Journal of Alzheimer's Disease},
    year={2013},
    month={June},
    volume={36},
    number={1},
    pages={67--77}
}

@book{gam_Hastie_1990,
	title={Generalized Additive Models},
    author={Trevor J Hastie and Robert J Tibshirani},
    publisher={Chapman \& Hall/CRC},
    year={1990},
    month={June},
    series={Monographs on Statistics and Applied Probability},
    volume={43}
}

@book{statistics_Hastie_2009,
	title={The Elements of Statistical Learning. Data Mining, Inference, and Prediction},
    author={Trevor Hastie and Robert Tibshirani and Jerome Friedman},
    publisher={Springer},
    year={2009},
    month={February},
    edition={Second Edition}
}

@article{equivalent_df_SVR,
 author = {Dinuzzo, Francesco and Neve, Marta and Nicolao, Giuseppe De and Gianazza, Ugo Pietro},
 title = {On the Representer Theorem and Equivalent Degrees of Freedom of SVR},
 journal = {Journal of Machine Learning Research},
 issue_date = {12/1/2007},
 volume = {8},
 month = dec,
 year = {2007},
 issn = {1532-4435},
 pages = {2467--2495},
 numpages = {29},
 url = {http://dl.acm.org/citation.cfm?id=1314498.1314578},
 acmid = {1314578},
 publisher = {JMLR.org},
} 

@article{tutorial_SVR,
 author = {Smola, Alex J. and Sch\"{o}lkopf, Bernhard},
 title = {A Tutorial on Support Vector Regression},
 journal = {Statistics and Computing},
 issue_date = {August 2004},
 volume = {14},
 number = {3},
 month = aug,
 year = {2004},
 issn = {0960-3174},
 pages = {199--222},
 numpages = {24},
 url = {http://dx.doi.org/10.1023/B:STCO.0000035301.49549.88},
 doi = {10.1023/B:STCO.0000035301.49549.88},
 acmid = {1011939},
 publisher = {Kluwer Academic Publishers},
 address = {Hingham, MA, USA},
 keywords = {machine learning, regression estimation, support vector machines},
}

@article{scikit-learn,
 title={Scikit-learn: Machine Learning in {P}ython},
 author={Pedregosa, F. and Varoquaux, G. and Gramfort, A. and Michel, V.
         and Thirion, B. and Grisel, O. and Blondel, M. and Prettenhofer, P.
         and Weiss, R. and Dubourg, V. and Vanderplas, J. and Passos, A. and
         Cournapeau, D. and Brucher, M. and Perrot, M. and Duchesnay, E.},
 journal={Journal of Machine Learning Research},
 volume={12},
 pages={2825--2830},
 year={2011}
}

@article{nonlinear_subcortical,
	Author="Fjell, A. M.  and Westlye, L. T.  and Grydeland, H.  and Amlien, I.  and Espeseth, T.  and Reinvang, I.  and Raz, N.  and Holland, D.  and Dale, A. M.  and Walhovd, K. B. ",
	Title="{{C}ritical ages in the life course of the adult brain: nonlinear subcortical aging}",
	Journal="Neurobiol. Aging",
	Year="2013",
	Volume="34",
	Number="10",
	Pages="2239--2247",
	Month="Oct"
}

@article{nonlinear_cortical,
	Author="Fjell, A. M.  and Westlye, L. T.  and Grydeland, H.  and Amlien, I.  and Espeseth, T.  and Reinvang, I.  and Raz, N.  and Dale, A. M.  and Walhovd, K. B. ",
	Title="{{A}ccelerating cortical thinning: unique to dementia or universal in aging?}",
	Journal="Cereb. Cortex",
	Year="2014",
	Volume="24",
	Number="4",
	Pages="919--934",
	Month="Apr"
}

@Article{insel_nonlinear,
	Author="Insel, P. S.  and Mattsson, N.  and Donohue, M. C.  and Mackin, R. S.  and Aisen, P. S.  and Jack, C. R.  and Shaw, L. M.  and Trojanowski, J. Q.  and Weiner, M. W. ",
	Title="{{T}he transitional association between $\beta$-amyloid pathology and regional brain atrophy}",
	Journal="Alzheimers Dement",
	Year="2015",
	Volume="11",
	Number="10",
	Pages="1171--1179",
	Month="Oct"
}

@Article{breiman_backfit,
	Author="Breiman, L. and Friedman, J.H. ",
	Title="{{E}stimating optimal transformations for multiple regression and correlations (with discussion)}",
	Journal="Journal of the American Statistical Association",
	Year="1985",
	Volume="80",
	Number="391",
	Pages="580--619",
}

